@article{lukic15,
author = {Luki\'c, Zarija and Stark, Casey W. and Nugent, Peter and White, Martin and Meiksin, Avery A. and Almgren, Ann},
title = "{The Lyman-$\alpha$ forest in optically thin hydrodynamical simulations}",
journal = {Monthly Notices of the Royal Astronomical Society},
volume = {446},
number = {4},
pages = {3697-3724},
year = {2015},
doi = {10.1093/mnras/stu2377},
URL = { + http://dx.doi.org/10.1093/mnras/stu2377},
eprint = {/oup/backfile/content_public/journal/mnras/446/4/10.1093_mnras_stu2377/2/stu2377.pdf}
}
