% Abbreviation for BibTeX files:

% Journal names

@STRING{ACTA = "Acta Informatica"}
@STRING{AIAAJ = "AIAA Journal"}
@STRING{AJP = "American Journal of Physics"}
@STRING{ARFM = "Annual Review of Fluid Mechanics"}
@STRING{CACM = "Communications of the ACM"}
@STRING{CMP = "Comm. Math. Phys."}
@STRING{COMP-SURVEY = "ACM Computing Surveys"}
@STRING{COMPLANG = "Computer Languages"}
@STRING{COMPUTER = "IEEE Computer"}
@STRING{CPAM = "Comm. Pure and Appl. Math."},
@STRING{IEEEASSP = "IEEE Transactions on Acoustics, Speech, 
	and Signal Processing"}
@STRING{IEEETC = "IEEE Transactions on Computers"}
@STRING{IEEETSE = "IEEE Transactions on Software Engineering"}
@STRING{IEEES = "IEEE Software"}
@STRING{IJSC = "International Journal on Supercomputing"}
@STRING{JACM = "Journal of the ACM"}
@STRING{JAS = "J. Aero. Sci."}
@STRING{JCP = "J. Comput. Phys."}
@STRING{JCSS = "Journal of Computer and System Sciences"}
@STRING{JFM = "J. Fluid Mech."}
@STRING{JOTA = "Journal of Optimization Theory and Applications"}
@STRING{JPDC = "Journal of Parallel and Distributed Computing"}
@STRING{LBL = "Lawrence Berkeley Laboratory"}
@STRING{NM = "Numerische Mathematique"}
@STRING{PES = "Polymer Engineering and Science"}
@STRING{PECS = "Progress in Energy and Combustion Science"}
@STRING{SIAMJC = "SIAM Journal on Computing"}
@STRING{SIAMJNA = "SIAM J. Numer. Anal."}
@STRING{SIAMJSSC = "SIAM Journal on Scientific and Statistical Computing"}
@STRING{SIAMJSC = "SIAM Journal on Scientific Computing"}
@STRING{SIAMJAM = "SIAM Journal on Applied Mathematics "}
@STRING{SIGPLANNOTICES = "ACM SIGPLAN Notices"}
@STRING{SPE = "Software Practice \& Experience"}
@STRING{SPET = "SPE Transactions"}
@STRING{TOMS = "ACM Transactions on Mathematical Software"}
@STRING{TOPLAS = "ACM Transactions on Programming Languages and Systems"}
@STRING{TUGBOAT = "{\sc TUGboat}: The Communications of the {\TeX}
	Users Group"}



% Department names

@STRING{CMUCS = "Dept. of Computer Science, Carnegie Mellon Univ."}
@STRING(HARVCS = "Center for Research in Computing Technology, Harvard Univ.")
@STRING{INCS = "Computer Science Dept., Indiana Univ."}
@STRING{MITAI = "MIT AI Laboratory"}
@STRING{LLNL = "Lawrence Livermore National Laboratory"}
@STRING{LANL = "Los Alamos National Laboratory"}
@STRING{MITLCS = "MIT Laboratory for Computer Science"}
@STRING{RICECS = "Dept. of Computer Science, Rice Univ."}
@STRING{SUCS = "Dept. of Computer Science, Stanford Univ."}
@STRING{SUCSL = "Computer System Laboratory, Stanford Univ."}
@STRING{UCBCS = "Computer Science Division (EECS), Univ. California, Berkeley"}
@STRING{UCBEECS = "EECS Department, University of California, Berkeley"}
@STRING{UICS = "Dept. of Computer Science, Univ. of Illinois at Urbana-Champaign"}
@STRING{CSRD = "Center for Supercomputing Research \& Development, Univ. of Illinois at Urbana-Champaign"}
@STRING{UUCS = "Dept. of Computer Science, Univ. of Utah"}
@STRING{UUDSC = "Uppsala University Dep. of Sci. Comp."}
@STRING{UCLAMATH = "Dept. of Mathematics, Univ. of California, Los Angeles"}
@STRING{UCDENVERMATH = "Dept. of Mathematics, Univ. of Colorado, Denver"}
@STRING{YALECS = "Yale Univ., Dept. of Computer Science"}
@STRING{RICE = "Dept. of Computer Science, Rice Univ."}
@STRING{NYU = "Dept. of Computer Science, Courant Institute, NYU"}
@STRING{UROCH = "Computer Science Department, University of Rochester"}
@STRING{AILUT = "Artifical Intelligence Laboratory, The University of Texas at Austin"}
@STRING{UCBMATH = "Dept. of Mathematics, Univ. of California, Berkeley"}
@STRING{UCBME = "Dept. of Mechanical Engineering, Univ. of California, Berkeley"},
@STRING{AIAA = "American Institute of Aeronautics and Astronautics"},
% Research Laboratories

@STRING{BTL = "Bell Telephone Laboratories"}
@STRING{ATTBTL = "AT\&T Bell Telephone Laboratories"}
@STRING{DECSRC = "Digital Equipment Corp., System Research Center"}
@STRING{DECWRL = "Digital Equipment Corp., Western Research Laboratory"}
@STRING{BBN = "Bolt Beranek and Newman"}
@STRING{IBMW = "IBM Thomas J. Watson Research Center"}
@STRING{IMEC = "IMEC Laboratory, Kapeldreef 75, B-3030 Leuven, Belgium"}
@STRING{PARC = "Xerox Palo Alto Research Center"}

% Publishers

@STRING{SPRINGER = "Springer-Verlag"}


% Conference proceedings names 

@STRING{ARCH10 = "The 10th Annual International Symposium
	on Computer Architecture"}
@STRING{LDFRS = "Proceedings of an ACM Conference on Language Design for
Reliable Software, SIGPLAN Notices, Vol 12, No. 3"},
@STRING{ICS87 = "Proceedings of the Second International Conference
on Supercomputing"}
@STRING{ICS88 = "Proceedings of the 1988 International Conference
on Supercomputing"}
@STRING{ICPP84 = "Proceedings of the 1984 International Conference on Parallel
Processing"}
@STRING{ICPP85 = "Proceedings of the 1985 International Conference on Parallel
Processing"}
@STRING{ICPP86 = "Proceedings of the 1986 International Conference on Parallel
Processing"}
@STRING{ICPP87 = "Proceedings of the 1987 International Conference on Parallel
Processing"}

@STRING{PLDI88 = "Proceedings of the SIGPLAN '88 Conference
	on Programming Language Design and Implementation"}
@STRING{PLDI89 = "Proceedings of the SIGPLAN '89 Conference
	on Programming Language Design and Implementation"}
@STRING{PLDI90 = "Proceedings of the SIGPLAN '90 Conference
	on Programming Language Design and Implementation"}

@STRING{PPEALS = "Proceedings of the Symposium on Parallel
Programming: Experience with Applications, Languages and Systems"}

@STRING{SAIPL = "Proceedings of the Symposium on Artifical Intelligence
and Programming Languages, SIGPLAN Notices"}

@STRING{LISPC80 = "Conference Record of the 1980 LISP Conference"}
@STRING{LISPC82 = "Conference Record of the 1982 ACM Symposium on LISP and
Functional Programming"}
@STRING{LISPC84 = "Conference Record of the 1984 ACM Symposium on LISP and
Functional Programming"}
@STRING{LISPC86 = "Proceedings of the 1986 ACM Conference on LISP and
Functional Programming"}
@STRING{LISPC88 = "Proceedings of the 1988 ACM Conference on LISP and
Functional Programming"}
@STRING{LISPC89 = "Proceedings of the 1989 ACM Conference on LISP and
Functional Programming"}
@STRING{LISPC90 = "Proceedings of the 1990 ACM Conference on LISP and
Functional Programming"}
@STRING{LISPC91 = "Proceedings of the 1991 ACM Conference on LISP and
Functional Programming"}
@STRING{LISPC92 = "Proceedings of the 1992 ACM Conference on LISP and
Functional Programming"}
@STRING{LISPC93 = "Proceedings of the 1993 ACM Conference on LISP and
Functional Programming"}

@STRING(POPL1 = "Conference Record of the ACM Symposium on Principles
of Programming Languages")
@STRING(POPL2 = "Conference Record of the Second ACM Symposium on Principles
of Programming Languages")
@STRING(POPL3 = "Conference Record of the Third ACM Symposium on Principles
of Programming Languages")
@STRING(POPL4 = "Conference Record of the Fourth ACM Symposium on Principles
of Programming Languages")
@STRING(POPL5 = "Conference Record of the Fifth ACM Symposium on Principles
of Programming Languages")
@STRING(POPL6 = "Conference Record of the Sixth ACM Symposium on Principles
of Programming Languages")
@STRING(POPL7 = "Conference Record of the Seventh ACM Symposium on Principles
of Programming Languages")
@STRING(POPL8 = "Conference Record of the Eighth ACM Symposium on Principles
of Programming Languages")
@STRING(POPL9 = "Conference Record of the Ninth ACM Symposium on Principles
of Programming Languages")
@STRING(POPL10 = "Conference Record of the Tenth ACM Symposium on Principles
of Programming Languages")
@STRING(POPL11 = "Conference Record of the Eleventh ACM Symposium on
Principles of Programming Languages")
@STRING(POPL12 = "Conference Record of the Twelfth ACM Symposium on Principles
of Programming Languages")
@STRING(POPL13 = "Conference Record of the Thirteenth ACM Symposium on
Principles of Programming Languages")
@STRING(POPL14 = "Conference Record of the Fourteenth ACM Symposium on
Principles of Programming Languages")
@STRING(POPL15 = "Conference Record of the Fourteenth ACM Symposium on
Principles of Programming Languages")
@STRING{POPL16 = "Conference Record of the Sixteenth Annual ACM Symposium
	on Principles of Programming Languages"}

@STRING(CCC79 = "Proceedings of the ACM SIGPLAN 1979 Symposium on Compiler 
Construction")
@STRING(CCC82 = "Proceedings of the ACM SIGPLAN 1982 Symposium on Compiler 
Construction")
@STRING(CCC84 = "Proceedings of the ACM SIGPLAN 1984 Symposium on Compiler 
Construction")
@STRING(CCC86 = "Proceedings of the ACM SIGPLAN '86 Symposium on Compiler 
Construction")
@STRING(INTER87 = "Proceedings of the SIGPLAN '87 Symposium on Interpreters and
Interpretive Techniques")

@STRING{COMPCON20 = "Proceedings 20th {IEEE} Computer Society International
Conference ({COMPCON})"}

@STRING{OOPSLA = "{OOPSLA '86}: Object-Oriented Programming Systems, Languages
and Applications Conference Proceedings"}

@STRING{ARCH80 = "Proceedings of the 7th Annual International Symposium on
Computer Architecture"}
@STRING{ARCH82 = "Proceedings of the 9th Annual International Symposium on
Computer Architecture"}
@STRING{ARCH84 = "Proceedings of the 11th Annual International Symposium on
Computer Architecture"}
@STRING{ARCH85 = "Proceedings of the 12th Annual International Symposium on
Computer Architecture"}
@STRING{ARCH86 = "Proceedings of the 13th Annual International Symposium on
Computer Architecture"}

@STRING{ASPLOS2 = "Proceedings of the Second International Conference on
Architecturral Support for Programming Languages and Operating Systems
(ASPLOS II)"}

@STRING{VLSISP = "IEEE Workshop on VLSI Signal Processing"}

@STRING{jcp = "J. Comput. Phys."}
@STRING{phyfl = "Physics of Fluids"}
@STRING{jfm = "J. Fluid Mech."}
@STRING{sissc = "SIAM J. Sci. Stat. Comput."}
@STRING{exfl = "Experiments in Fluids"} 

@INPROCEEDINGS{bell_colella_welcome_91,
author = {J.B. Bell and  P. Colella and M.L. Welcome},
title = {Conservative Front-Tracking for Inviscid Compressible Flow},
booktitle=  {AIAA 10th Computational Fluid Dynamics Conference. Honolulu},
pages={814-822},
year= 1991,
}
@ARTICLE{EBAMRCNS,
author = {Daniel T. Graves and Phillip Colella and David Modiano and Jeffrey Johnson and Bjorn Sjogreen and Xinfeng Gao}, 
title = {A {C}artesian Grid Embedded Boundary Method for the Compressible {N}avier {S}tokes Equations}, 
journal = {Communications in Applied Mathematics and Computational Science},
year = {2013},
volume = {8}, 
pages = {99-122},
}

@ARTICLE{mccorquodale_collela,
author = {Peter Mc{C}orquodale and Phillip Collela}, 
title = {A high-order finite-volume method for conservation laws on locally refined grids}, 
journal = {Communications in Applied Mathematics and Computational Science},
year = {2011},
volume = {6},
number = {1}
}
@ARTICLE{fok_rosales,
author = {Pak-Wing Fok and Rodolfo Rosales}, 
title = {Multirate integration of axisymmetric step-flow equations}, 
journal = {submitted to Journal of Computational Physics},
note = {arXiv 0810.2517v1},
year = {2008},
}


@ARTICLE{GHIAS_2007,
author = {R. Ghias and R. Mittal and H. Dong},
title = {A sharp interface immersed boundary method for compressible viscous flows},
journal = {Journal of Computational Physics},
pages= {528-553},
year = 2007
}

@ARTICLE{Mural,
author = {Balaji Muralidharan and Suresh Menon},
title = {A high order adaptive {C}artesian cut-cell method for simulation of compressible viscous flow over immersed bodies},
journal = {Journal of Computational Physics},
pages= {528-553},
year = 2007
}
@ARTICLE{HARTMANN_2011,
author = {Daniel Hartmann and Matthias Meinke and Wolfgang Schroder},
title = {A strictly-conservative Cartesian  cut-cell method for compressible viscous flows on adaptive grids},
journal = {Comput. Methods Appl. Metch Engrg.},
volume = 200,
pages= {1038-1052},
year = 2011
}
@ARTICLE{WIM_2010,
author = {C. B. Schroeder and E. Esarey and C. Geddes and C. Benedetti and W. P. Leemans},
title = {Physics considerations for laser-plasma linear colliders},
journal = {Phys. Rev. ST Accel. Beams 13},
volume= {101301},
year = 2010
}
@ARTICLE{WIM_2006,
author = {W. P. Leemans  and B. Nagler and A.J Gonsalves and C. S. Toth and K Nakamura and C.G.R Geddes and E. Esarey and C. B. Schroeder and S. M. Hooker}, 
title = {GeV electron beams from a centimetre-scale accelerator},
journal = {Nature Physics},
volume= {2},
pages = {696-699},
year = 2006
}

@ARTICLE{Hooker_2000,
author = {D. J. Spence and  S. M. Hooker}, 
title = {Investigation of a hydrogen plasma waveguide},
journal = {Physical Review E},
volume= {63},
year = 2000
}

@ARTICLE{KIM_2011,
author = {M.S. Kim and D. G. Jang and H.S. Uhm and S. W. Hwang and I. W. Lee and H. Suk},
title = {Discharge characteristics of a gas-filled caplillary plama for laser wakefield acceleration},
journal = {IEEE Transactions on Plasma Science},
volume= {39},
number= {8},
year = 2011
}

@ARTICLE{day_bell_2000,
author = {M. S. Day and J. B. Bell},
title = {Numerical Simulation of Laminar Reacting Flows with Complex Chemistry},
journal = {Combust. Theory Modelling},
volume= {4},
pages = {535-556},
year = 2000
}
@ARTICLE{majda_86,
author = {Phillip Colella and Andrew Majda and Victor Roytburd},
title = {Theoretical and numerical structure for reacting shock waves},
journal = {SIAM J/ Stat. Comput},
volume= {7},
number= {4},
pages = {1059-1080},
year = 1986
}

@INPROCEEDINGS{crutch_95,
author = {Steinthorsson, E. and  Modiano, D. and Crutchfield, W.Y. and  Bell, J.B. and Colella, P.}, 
title = {An Adaptive Semi-Implicit Scheme for Simulations of Unsteady Viscous Compressible Flow},
booktitle =  {AIAA Paper 95-1727-CP, in Proceedings of the 12th AIAA CFD Conference},
year = 1995
}
@INPROCEEDINGS{BERGER_2012,
author = {Marsha Berger and Michael J. Aftosmis and Steven Allmaras}, 
title = {Progress toward a {C}artesian cut-cell method for compressible viscous flow},
booktitle =  {50th AIAA Aerospace Sciences Meeting Including the New Horizons Forum and Aerospace Exposition, Nashville TN},
year = 2012
}

@INPROCEEDINGS{charest,
author = {M. R. J. Charest and C. P. T. Groth and P. Q. Gauthier}, 
title = {High-Order {CENO} Finite-Volume Scheme for Low-Speed Viscous Flows on Three-Dimensional Unstructured Mesh},
booktitle =  {Seventh International Conference on Computational Fluid Dynamics (ICCFD7), Big Island, Hawaii},
year = 2012
}

@INPROCEEDINGS{bcgm_95,
author = {John B. Bell and Phillip Colella and Jeffrey A. Greenough and Daniel L. Marcus}, 
title = {A Multi-Fluid Algorithm for Compressible, Reacting Flow},
booktitle =  {AIAA 95-1720, Proceedings of the 12th AIAA Computational Fluid Dynamics Conference, San Diego, CA}, 
year = 1995
}
  
@ARTICLE{drag_2006,
author = {Z. Dragojlovic and F. Najmabadi and M. Day}, 
title = {"{A}n Embedded Boundary Method for Viscous, Conducting Compressible Flow"}, 
journal = {J. Comp. Phys.},
volume = {216(1)}, 
pages = {37-51},
year =  {2006}
}


@ARTICLE{gottlieb_shu,
author = {Sigal Gottlieb and Chi-Wang Shu}, 
title = {Total variation diminishing {R}unge-{K}utta schemes}, 
journal = {Mathematics of Computations},
volume = {67}, 
number = {221}, 
pages = {73-85},
year =  {1998}
}
@ARTICLE{argonvisc,
author = {Michale N. Macrossan and Charles R. Lilley}, 
title = {Viscosity of Argon at temperatures greater than 2000 K from measured shock thickness}, 
journal = {Phys. Fluids A},
volume = {15}, 
pages = {1363-1371},
year =  {2003}
}

@ARTICLE{glaz_1985,
author = {H. Glaz and P. Colella and R. Deschambault}, 
title = {A numerical study of oblique shock-wave reflections with experimental comparisons}, 
journal = {Proc. R. Soc. London},
volume = {398}, 
pages = {117-149},
year =  {1985}
}

@TECHREPORT{chern_colella_87,
author = {I. L. Chern and P. Colella},
title = {A Conservative Front-Tracking Method for Hyperbolic
Conservation Laws},
number = {UCRL-97200},
institution= {Lawrence Livermore National Laboratory},
year = 1987,
}
@TECHREPORT{liepmann,
author = {H. W. Liepmann and A. Roshko and S. Dhawan},
title = {On Reflection of Shock Waves from Boundary Layers},
number = {NACA-1100},
institution= {National Advisory Committee for Aeronautics},
year = 1952,
}

@TECHREPORT{day_98,
author = {Marcus S. Day and Phillip Colella and Michael J. Lijewski and
Charles A. Rendleman and Daniel L. Marcus},
title = {Embedded Boundary Algorithms for Solving the {P}oisson Equation
on Complex Domains},
number = {LBNL-41811},
institution= {Lawrence Berkeley National Laboratory},
year = 1998,
}

@INPROCEEDINGS{ModianoColella2000,
	author={D. Modiano and P. Colella},
	title={A Higher-Order Embedded Boundary Method for 
 Time-Dependent Simulation of Hyperbolic Conservation Laws},
	booktitle={ASME 2000 Fluids Engineering Division Summer Meeting},
	year=2000,
}
@ARTICLE{helzelETAL:2005,
	author={C.Helzel and M.J.Berger and R.J.LeVeque},
	title={A high--resolution rotated grid method for conservation laws with embedded geometries},
	journal=sissc,
	year=2005,
}
@ARTICLE{keenKarni:2005,
	author={Benjamin Keen and Smadar Karni},
	title={A second order kinetic scheme for gas dynamics on arbitrary grids},
	journal=JCP,
	year=2005,
}
@ARTICLE{schneiders,
	title={An efficient conservative cut-cell method for rigid bodies interacting with viscous compressible flow},
	author={Lennart Schneiders and Claudia G{\"u}nther and Matthias Minke},
	journal=JCP,
	year=2016,
pages = {62-86}
}
@ARTICLE{KohnBaden1996,
	author={Scott R. Kohn and Scott B. Baden},
	title={Irregular coarse-grain data parallelism under LPARX},
	journal={J. Scientific Programming},
	year=1996,
}

@ARTICLE{martinColellaGraves:2008,
author ={D. Martin and P. Colella and D. T. Graves},
title = {A cell-centered adaptive projection method for the incompressible {N}avier-{S}tokes equations in three dimensions},
journal = {Journal of Computational Physics},
volume= 227,
pages = {1863-1886},
year = 2008,
}

@ARTICLE{BergerBokhari1986,
	author={M. Berger and S. Bokhari},
	title={A Partitioning Strategy 
 for Non-Uniform Problems on
Multiprocessors},
	journal={IEEE Trans. Comp.},
	year=1986,
}
@ARTICLE{bergerOliger:1984,
    AUTHOR = {M. Berger and J. Oliger},
    TITLE = {Adaptive Mesh Refinement for Hyperbolic Partial Differential
    Equations},
    JOURNAL = JCP,
    VOLUME = {53},
    MONTH = Mar,
    PAGES = {484--512},
    YEAR = {1984}
}
@ARTICLE{BergerSaltzman1994,
	author={M. Berger and J. Saltzman},
	title={AMR on the CM-2},
	journal={Applied Numerical Math},
	year=1994,
}
@ARTICLE{CCSE1999,
	author={Charles A. Rendleman and Vincent E. Beckner 
and Mike Lijewski and William Crutchfield and John B. Bell},
	title={Parallelization of Structured, Hierarchical
               Adaptive Mesh Refinement Algorithms},
	journal={Computing and Visualization},
	year=1999,
}
@ARTICLE{MartinColella2000,
	author={D Martin and P Colella},
	title={A cell-centered adaptive projection method for the 
               incompressible {E}uler equations},
	journal=jcp,
	year=2000,
}

@ARTICLE{ EBAMRGodunov,
  AUTHOR={ P. Colella and D. T. Graves and  B. Keen and D. Modiano}, 
  TITLE={ A {C}artesian Grid Embedded Boundary Method for Hyperbolic Conservation Laws},
  JOURNAL = jcp,
  VOLUME = {211},
  YEAR = {2006},
  PAGES={347--366}
}

@UNPUBLISHED{ChomboDesign,
        author={P. Colella and D. T. Graves and T. J. Ligocki and
D. F. Martin and D. Modiano and D. B. Serafini and B. Van Straalen},
        title={{Chombo Software Package for AMR Applications - Design Document}},
        note="unpublished",
        year=2000,
}
@PHDTHESIS{MARTTHESIS,
        author={Daniel Francis Martin},
        title={An Adaptive Cell-Centered Projection 
               Method for the Incompressible {E}uler Equations},
        school={University of California, Berkeley},
        year=1998,
}
@PHDTHESIS{HANKTHESIS,
        author={Hans Svend Johansen},
        title={Cartesian Grid embedded Boundary Finite 
               Difference Methods for Elliptic and Parabolic Partial Differential 
               Equations on Irregular Domains},
        school={University of California, Berkeley},
        year=1997,
}
@ARTICLE{MARTCART,
	author={D. F. Martin and K. L. Cartwright},
	title={Solving {P}oisson's equation using adaptive mesh refinement},
	journal={Technical Report UCB/ERI M96/66 UC Berkeley},
	year=1996,
}
@UNPUBLISHED{CGFMF,
        author = "P. Colella and H. Glaz and R. Ferguson",
        title = {{Multifluid Algorithms for Eulerian Finite Difference Methods}},
        note = "in preparation",
        year = 1991,
}
@ARTICLE{MPMF,
	author={Gregory Hale Miller and Elbridge Gerry Puckett},
	title={A High-Order Godunov Method for Multiple Condensed Phases},
	journal = jcp,
	volume=128,
	year=1996,
}
@ARTICLE{HCPMF,
	author={John Helmsen, Phillip Colella, E. Gerry Puckett},
	title={Non-Convex Profile Evolution in Two Dimensions
		Using Volume of Fluids},
	journal = jcp,
	volume=128,
	year=1996,
}
@INCOLLECTION{SAFFMAN,
	author={D. W. Moore and P. G. Saffman},
	title={Structure of a Line Vortex in an Imposed Strain},
	booktitle={Aircraft Wake Turbulence and its detection},
        publisher={Plenum Press},
        editor={John H. Olsen and Arnold Goldburg and Milton Rogers},
        address={New York, NY},
        year={1971},
}
@INCOLLECTION{PUCKETT,
	author={Elbridge Gerry Puckett},
	title={Vortex Methods: An Introduction and Survey of Selected
		  Research Topics},
	booktitle={Incompressible Computational Fluid Dynamcis Trends
		  and Advances},
        publisher={Cambridge University Press},
        editor={Max D. Gunzburger and Roy A. Nicolaides},
        address={Cambridge},
        year={1993},
}
@BOOK{schlichting,
      author = {Dr. Hermann Schlichting},
      title = {Boundary-Layer Theory},
        publisher={McGraw-Hill},
        address={New York, NY},
        year={1955},
}
@BOOK{white,
      author = {Frank M. White},
      title = {Viscous Fluid Flow},
        publisher={McGraw-Hill},
        address={New York, NY},
        year={1974},
}
@BOOK{EASTWOOD,
	author={Roger W. Hockney and James W. Eastwood},
	title={Computer Simulation Using Particles},
        publisher={McGraw-Hill},
        address={New York, NY},
        year={1981},
}
@BOOK{COURANTANDFRIED,
	author={R. Courant and K. O. Friedrichs},
	title={Supersonic Flow and Shock Waves},
        publisher={NYU},
        address={New York, NY},
        year={1948},
}
@BOOK{DEMMEL,
	author={R. Barrett and  M. Berry and T. Chan
                and J. Demmel and J. Donato and J. Dongarra 
               and  V. Eijkhout and R. Pozo and 
               C. Romine and H. Van der Vorst},
	title={Templates for the Solution of Linear Systems: Building
               Blocks for Iterative Methods},
        publisher={SIAM},
        address={Philadelphia, PA},
        year={1994},
}
@BOOK{LEVEQUEBOOK,
	author={Randall J. LeVeque},
	title={Numerical Methods for Conservation Laws},
        publisher={Birkhauser-Verlag},
        address={Basel, Boston, Berlin},
        year={1990},
}
@BOOK{HALTINER,
	author={G.J. Haltiner and R. T. Williams},
	title={Numerical Prediction and Dynamic Meteorology},
        publisher={John Wiley and Sons},
        address={New York, NY},
        year={1980},
}
@BOOK{GUSTA,
	author={Karl E. G Gustafson and James A. Sethian},
	title={Vortex Methods and Vortex Motion},
        publisher={SIAM},
        address={Philadelphia, PA},
        year={1991},
}
@BOOK{BRIGGS,
	author={W. L. Briggs},
	title={A Multigrid Tutorial},
        publisher={SIAM},
        address={Philadelphia, PA},
        year={1987},
}
@BOOK{ROACHE,
	author={Patrick J. Roache},
	title={Computational Fluid Dynamics},
        publisher={Hermosa Publishers},
        address={Albuquerque, NM},
        year={1972},
}
@BOOK{ANDERSON,
	author={John D. Anderson, Jr.},
	title={Computational Fluid Dynamics: The Basics with Applications},
        publisher={McGraw-Hill},
        address={New York, NY},
        year={1995},
}

@BOOK{GHIL,
	author={M. Ghil and S. Childress},
	title={Topics in Geophysical Fluid Dynamics: 
		  Atmospheric Dynamics, Dynamo Theory,
		  and Climate Dynamics},
        publisher={Springer-Verlag},
        address={New York, NY},
        year={1987},
}
@BOOK{GREENSPAN,
	author={H. P. Greenspan},
	title={The Theory of Rotating Fluids},
        publisher={Cambridge University Press},
        address={London},
        year={1968},
}
@BOOK{WASHINGTON,
	author={Warren M. Washington and Claire L. Parkinson},
	title={An Introduction to Three-Dimensional Climate Modeling},
        publisher={University Science Books},
        address={Mill Valley, CA},
        year={1986},
}
@BOOK{PEDLOSKY,
	author={Joseph Pedlosky},
	title={Geophysical Fluid Dynamics},
        publisher={Springer-Verlag},
        address={New York, NY},
        year={1979},
}
@BOOK{GILL,
	author={Adrian E. Gill},
	title={Atmosphere-Ocean Dynamics},
        publisher={Academic Press},
        address={New York, NY},
        year={1982},
}
@ARTICLE{HARLOW,
	author={F.J. Harlow and J.E. Welsh},
	title={Numerical Calculation of Time Dependent  Viscous
		  Incompressible Flow with Free Surface},
	journal=phyfl,
	volume=8,
	year=1965,
}
@ARTICLE{ORZAG,
	author={S. A. Orzag},
	title={Transform method for calculation of vector-coupled
		  sums: Application to the spectral form of the
		  vorticity equation},
	journal={Journal of Atmospheric Sciences},
	volume=27,
	pages={890-895},
	year=1970,
}
@ARTICLE{OLIGER,
	author={J. Oliger and A. Sundstrom},
	title={Theoretical and practical aspects of some 
		  initial boundary value problems
                  in fluid dynamics},
	journal={SIAM Journal on Applied Mathematics}, 
	volume=35,
	number=3,
	pages={419-446},
	year=1978,
}
@ARTICLE{BRYAN,
	author={Kirk Bryan},
	title={A Numerical Investigation of a Nonlinear Model of a
		  Wind-Driven Ocean},
	journal={Journal of the Atmospheric Sciences},
	volume=20,
	pages={594-606},
	year=1963,
}
@ARTICLE{SEMTNER,
	author={Albert J. Semtner, Jr.. and Yale Mintz},
	title={Numerical Investigation the Gulf Stream and Mid-Ocean Eddies},
	journal={Journal of the Physical Oceanography},
	volume=7,
	pages={208-229},
	year=1977,
}
@ARTICLE{CHERVIN,
	author={Albert J. Semtner, Jr.. and R.M. Chervin},
	title={Ocean General Circulation from a Global Eddy-Resolviing
		  Model},
	journal={Journal Geophysical Research-Oceans},
	volume=97,
	pages={5493-5550},
	year=1992,
}
@ARTICLE{AJC1,
	author={A. J. Chorin},
	title={On the convergence of discrete approximations to the
		{N}avier-{S}tokes equations},
	journal={Math. Comp.},
	volume=23,
	pages={341-353},
	year=1969,
}
@INCOLLECTION{COX,
	author={M. D. Cox},
	title={A Baroclinic Model of the World's Ocean},
	booktitle={Numerical Models of Ocean Circulation},
        publisher={National Academy of Sciences},
        address={Washington, DC},
	pages={107-120},
        year={1975},
}
@ARTICLE{AJC3,
	author={A. J. Chorin},
	title={Numerical Study for Slightly Viscous Flow},
	journal=jfm,
	volume=57,
	pages={785-796},
	year=1973,
}
@ARTICLE{ANDER,
	author={C. Anderson},
	title={A Method of Local Corrections for Computing the 
		  Velocity field due to a Distribution of Vortex Blobs},
	journal=jcp,
	volume=62,
	pages={111-123},
	year=1986,
}
@ARTICLE{HOCKNEY1,
	author={R. W. Hockney},
	title={A Fast Direct Solution of Poisson's Equation Using
		  Fourier Analysis},
	journal={J. Association of Computing Machinery},
	volume=12,
	pages={95},
	year=1965,
}
@ARTICLE{HOCKNEY2,
	author={R. W. Hockney},
	title={The Potential Calculation and Some Applications},
	journal={Methods in Computational Physics},
	volume=9,
	year=1971,
}
@ARTICLE{MINION,
	author={David L. Brown and Michael L. Minion},
	title={Performance of Under-Resolved Two-Dimensional
		  Incompressible Flow Simulations},
	journal=jcp,
	volume=122,
	pages={165-183},
	year=1995,
} 

@Article{MinionAMR,
  author = 	 {Michael L. Minion},
  title = 	 {A Projection Method for Locally Refined Grids},
  journal = 	 {J. Comput. Phys.},
  year = 	 {1996},
  OPTkey = 	 {},
  volume = 	 {127},
  number = 	 {1},
  pages = 	 {158-178},
  month = 	 {Aug.},
  OPTnote = 	 {},
  OPTannote = 	 {}
}


@PhdThesis{minionThesis,
  author = 	 {Michael Minion},
  title = 	 {Two Methods for the Study of Vortex Patch Evolution on Locally Refined Grids},
  school = 	 {U.C. Berkeley},
  year = 	 {1994},
  OPTkey = 	 {},
  OPTtype = 	 {},
  OPTaddress = 	 {},
  month = 	 {May},
  OPTnote = 	 {},
  OPTannote = 	 {}
}

@ARTICLE{STRIKWERDA,
	author={J. C. Strikwerda},
	title={Finite Difference Methods for the Stokes and
		  {N}avier-{S}tokes Equations},
	journal={SIAM J. Sci. Stat. Comput.},
	volume=5,
	number=1,
	pages={56-58},
	year=1984,
}
@ARTICLE{SWINNEY1,
	author={S. D. Meyers and J. Sommeria and  Harry L. Swinney},
	title={Laboratory study of the Dynamics of Jovian-Type Vortices},
	journal={Physica D},
	volume=37,
	pages={515-530},
	year=1993,
}
@ARTICLE{SWINNEY2,
	author={T. H. Solomon and W. J. Holloway and Harry L. Swinney},
	title={Shear flow instabilities and {R}ossby waves in
		  barotropic flow in a rotating annulus},
	journal={Phys. Fluids A},
	volume=5,
	number=8,
	pages={1971-1982},
	year=1993,
}
@ARTICLE{SWINNEY3,
	author={Robert P. Behringer and Steven D. Meyers and  
		  and Harry L. Swinney},
	title={Chaos and mixing in Geostrophic Flow},
	journal={Phys. Fluids A},
	volume=3,
	number=5,
	pages={1243-1249},
	year=1991,
}
@ARTICLE{PMS1,
	author={P. S. Marcus},
	title={Simulation of Taylor-Couette flow. Part 1.
		  Numerical methods and comparison with experiment},
	journal=jfm,
	volume=146,
	pages={45-64},
	year=1984,
}
@ARTICLE{PMS2,
	author={P. S. Marcus},
	title={Vortex Dynamics in a Shearing Zonal Flow},
	journal=jfm,
	volume=215,
	pages={393-430},
	year=1990,
}
@ARTICLE{PMS3,
	author={P. S. Marcus},
	title={Jupiters Great Red Spot and Other Vortices},
	journal={Annu. Rev. Astron. Astrophys.},
	volume=31,
	pages={523-573},
	year=1993,
}
@ARTICLE{KT,
	author={K. T. Coughlin and P. S. Marcus},
	title={Modulated Waves in Taylor-Couette Flow},
	journal=jfm,
	volume=234,
	pages={19-46},
	year=1992,
}
@ARTICLE{CAMBON,
	author={Claude Cambon and Jean-Pierre Benoit and Liang Shao and
		  Laurent Jacquin},
	title={Stability analysis and large-eddy simulation of
		  rotating turbulence with organized eddies},		  
	journal=jfm,
	volume=278,
	pages={175-200},
	year=1994,
}
@ARTICLE{UGO,
	author={Ugo Piomelli and Junhui Liu},
	title={Large-eddy simulation of rotating channel flows using a
		  localized dynamic model},
	journal=phyfl,
	volume=7,
	number=4,
	pages={839-848},
	month=apr,
	year=1995,
}
@ARTICLE{SHI,
	author={Quingping Shi and R. J. Ribando},
	title={Numerical simulation of viscous rotating flows using 
		  a new pressure-based method},
	journal={Comp. Fluids},
	volume=21,
	number=4,
	pages={475-489},
	year=1992,
}
@ARTICLE{MDD,
	author={Marie Dillon Dahleh},
	title={Fast Numerical Method for the Solution of the
		  Quasigeostrophic Vorticity Equation},
	journal={Numerical Methods for Partial Differential Equations},
	volume=9,
	pages={135-154},
	year=1993,
}
@ARTICLE{JENS,
	author={Jens N{\o}rk{\ae}r S{\o}rensen and Eric Adler Christensen},
	title={Direct numerical simulation of rotating fluid flow in a
		  closed cylinder},
	journal=phyfl,
	volume=7,
	number=4,
	pages={764-778},
	year=1995,
}
@PHDTHESIS{LEVEQUE,
        author={Randall John LeVeque},
        title={Time-Split Methods for Partial Differential Equations},
        school={Stanford University},
        year=1982,
}
@PHDTHESIS{CHL,
        author={Changhoon Lee},
        title={Basic Instability and Transition to Chaos in a
		  Rapidly Rotating Annulus on a $\Beta$-plane},
        school={University of California, Berkeley},
        year=1994,
}
@PHDTHESIS{ANNT,
        author={Ann Stewart Almgren},
        title={A Fast Adaptive Vortex Method
		  using Local Corrections},
        school={University of California, Berkeley},
        year=1991,
}
@PHDTHESIS{LAI2,
        author={M. F. Lai},
        title={A Projection Method for Reacting Flow in the Zero
                Mach Number Limit},
        school={University of California, Berkeley},
        year=1994,
}
@UNPUBLISHED{LAI,
        author={M. F. Lai and P. Colella},
        title={An Approximate Projection Method for the
                Incompressible {N}avier-{S}tokes equations},
        note={unpublished},
}
@ARTICLE{AJC2,
	author={A. J. Chorin},
	title={Numerical solutions of the {N}avier-{S}tokes equations},
	journal={Math. Comp.},
	volume=22,
	pages={745-762},
	year=1968,
}

@ARTICLE{BCG,
        author={J. B. Bell and P. Colella and H. M. Glaz},
        title={A second-order projection method for the incompressible
		{N}avier-{S}tokes equations},
        journal=jcp,
        volume=85,
        pages={257-283},
        year=1989,
}

@ARTICLE{ColellaGlaz,
        author={P. Colella and H. M. Glaz},
        title={Efficient Solution Algorithms for the {R}iemann Problem
               for Real Gases},
        journal=jcp,
        volume=59,
        pages={264},
        year=1985,
}

@ARTICLE{colella_1990,
        author={P. Colella},
        title={Multidimensional Upwind Methods 
		for Hyperbolic Conservation Laws},
        journal=jcp,
        volume=87,
        pages={171-200},
        year=1990,
}

@ARTICLE{Saltzman1,
        author={J. S. Saltzman},
        title={An Unsplit 3D Upwind Method for Hyperbolic Conservation Laws},
        journal=jcp,
        volume=115,
        pages={153-168},
        year=1994,
}

@UNPUBLISHED{HOWELL,
	author={Louis H. Howell and John B. Bell},
	title={An  Adaptive-Mesh Projection Method 
		for Viscous Incompressible Flow},
        note={To appear, SIAM Journal of Scientific Computing}
}
@ARTICLE{ANN4,
	author={Ann S. Almgren and Thomas Buttke and Phillip Colella},
	title={A Fast Vortex Method in Three Dimensions},
	journal={Journal of Computational Physics},
	volume=113,
	number=2,	  
	pages={177-200},
	year=1994,
}
@ARTICLE{ROKHLIN,
	author={ Greengard, L. and  Rokhlin, V.},
	title={A fast algorithm for particle simulations},
	journal={Journal of Computational Physics},
	volume=73,
	number=2,	  
	pages={325-348},
	year=1987,
}
@ARTICLE{crutch_2001,
	author={L. F. Henderson and K. Takayama and W. Y. Crutchfield and S. Itabashi},
	title={The persistence of regular reflection during strong shock diffraction over rigid ramps},
	journal={Journal of Fluid Mechanics},
	volume=431,
	pages={273-296},
	year=2001
}
@ARTICLE{henderson_1997,
	author={L. F. Henderson and K. Takayama and W. Y. Crutchfield and R. J. Virgona},
	title={The effects of thermal conductivity and viscosity of argon on shock waves diffracting over rigid ramps},
	journal={Journal of Fluid Mechanics},
	volume=331,
	pages={1-36},
	year=1997
}
@ARTICLE{ANN,
	author={A. S. Almgren and J. B. Bell and W. G. Szymczak},
	title={A numerical method for the incompressible {N}avier-{S}tokes
		equations based on an approximate projection},
	journal={SIAM J. on Sci. Comp.},
	volume=17,
	pages={358-369},
	year=1996,
}

@INPROCEEDINGS{BCH,
	author={J. B. Bell and P. Colella and L. H. Howell},
	title={An efficient second order projection method for
		viscous incompressible flow},
	booktitle={AIAA 10th Comp. Fluid Dynamics Conf.},
	pages={360-367},
	year=1991,
}
@ARTICLE{AftosmisBergerMelton,
	AUTHOR = "M. J. Aftosmis and M. J. Berger and J. S. Saltzman",
	TITLE = "Robust and efficient Cartesian mesh generation for component-base geometry",
	JOURNAL = "AIAA Journal",
	VOLUME = 36,
	NUMBER = "6",
	MONTH = "June",
	YEAR = 1998,
	PAGES = "952--960"
	}

@ARTICLE{AlmgrenBCHW98,
	AUTHOR = "A. S. Almgren and J. B. Bell and P. Colella and L. H. Howell and M. Welcome",
	TITLE = "A conservative adaptive projection method for the variable density
   incompressible {N}avier-{S}tokes equations",
	JOURNAL = "Journal of Computational Physics",
	VOLUME = 142,
	NUMBER = 1,
	MONTH = "May",
	YEAR = 1998,
	PAGES = "1--46"
	}

@ARTICLE{BergerBokhari,
	AUTHOR = "M. J. Berger and S. H. Bokhari",
	TITLE = "A partitioning strategy for nonuniform problems on multiprocessors",
	JOURNAL = "IEEE Transactions on Computers",
	VOLUME = "C-36",
	NUMBER = 5,
	MONTH = "May",
	YEAR = 1987,
	PAGES = "570--580"
	}

@ARTICLE{BergerSaltzman,
	AUTHOR = "M. J. Berger and J. S. Saltzman",
	TITLE = "{AMR} on the {CM-2}",
	JOURNAL = "Applied Numerical Mathematics",
	VOLUME = 14,
	NUMBER = "1-3",
	MONTH = "April",
	YEAR = 1994,
	PAGES = "239--253"
	}

@TECHREPORT{Crutchfield91,
        author={W. Y. Crutchfield},
        title={Load Balancing Irregular Algorithms},
        institution={LLNL},
        number={UCRL-JC-107679},
        month={July},
        year={1991}
}

@TECHREPORT{bergerLeveque:1990,
        author={M. J. Berger and R. J. Leveque},
        title={Stable boundary conditions for Cartesian grid calculations},
        institution={ICASE},
        number={90-37},
        month={May},
        year={1990}
}
@INPROCEEDINGS{Crutchfield94,
        AUTHOR = {P. Colella and W. Y. Crutchfield},
        TITLE = {A parallel adaptive mesh algorithm on the {C-90}},
        BOOKTITLE = { US Department of Energy ERPUS meeting},
        MONTH = {July 11 - 12,},
        YEAR = 1994,
}

@ARTICLE{FinkBadenKohn,
	AUTHOR = "S. J. Fink and S. B. Baden and S. R. Kohn",
	TITLE = "Efficient run-time support for irregular block-structured applications",
	JOURNAL = "Journal of Parallel and Distributed Computing",
	VOLUME = 50,
	NUMBER = "1-2",
	MONTH = "April",
	YEAR = 1998,
	PAGES = "61--82"
	}

@UNPUBLISHED{Rendleman,
        AUTHOR = "C. A. Rendleman and V. E. Beckner and M. Lijewski and W. Crutchfield and J. B. Bell",
        TITLE = "A parallel adaptive mesh refinement algorithm for the simulation of explosions",
        NOTE = "in preparation"
}

@BOOK{Murray,
	AUTHOR =  "Robert B. Murray",
	TITLE  =  "{C++} Strategies and Tactics",
	PUBLISHER = "Addison-Wesley",
	YEAR = 1993
}

@BOOK{Meyers,
	AUTHOR =  "Scott Meyers",
        TITLE  =  "Effective {C++}",
	PUBLISHER = "Addison-Wesley",
	YEAR = 1992
}

@MANUAL{GNUmake,
        AUTHOR = "Richard M. Stallman and Roland McGrath",
        TITLE = "{GNU} make: A Program for Directing Recompilation",
        ORGANIZATION = "Free Software Foundation",
        ADDRESS = "Boston, MA",
        EDITION = "3.77",
        YEAR = 1998,
        MONTH = May
}
        
@ARTICLE{hornungTrangenstein:1997,
        author={R. Hornung and J. A. Trangenstein},
        title={Adaptive mesh refinement and multilevel iteration for
    flow in porous media},
        journal=JCP,
        year={1997},
    VOLUME = {136},
    NUMBER = {2},
    MONTH = {September},
    PAGES = {522-545}
}
@ARTICLE{johansenColella:1998,
        author={H. S. Johansen and P. Colella},
        title={A {Cartesian} Grid Embedded Boundary Method for {Poisson's}
    Equation on Irregular Domains},
        journal=JCP,
        year={1998},
    VOLUME = {147},
    NUMBER = {2},
    MONTH = {December},
    PAGES = {60-85}
}
@ARTICLE{howellETAL:1999,
    AUTHOR = {L. H. Howell and R. B. Pember and P. Colella and
    J. P. Jessee and W. A. Fiveland},
    TITLE = {A conservative adaptive-mesh algorithm for unsteady,
    combined-mode heat Transfer Using The Discrete Ordinates Method},
    YEAR = 1999,
    JOURNAL = {Numerical Heat Transfer, Part B: Fundamentals},
    VOLUME = {35},
    PAGES = {407-430}
}
@ARTICLE{pemberETAL:1998,
    AUTHOR = {R. B. Pember and L. H. Howell and J. B. Bell
    and P. Colella and W. Y. Crutchfield and W. A. Fiveland and
    J. P. Jessee },
    TITLE = {An Adaptive Projection Method for Unsteady, Low Mach
    Number Combustion},
    YEAR = 1998,
    JOURNAL = {Combustion Science and Technology},
    VOLUME = {140},
    PAGES = {123-168}
}

@ARTICLE{pemberETAL:1995,
         AUTHOR = {R. B. Pember and J. B. Bell and P. Colella and W. Y.
    Crutchfield and M. L. Welcome},
         TITLE = {An Adaptive {Cartesian} Grid Method for Unsteady
    Compressible Flow in Irregular Regions},
         JOURNAL = JCP,
         VOLUME = {120},
	NUMBER = 2,
         PAGES = {278--304},
         YEAR = {1995},
	MONTH = {September},
 }


@ARTICLE{woodwardColella:1984,
         AUTHOR = {P.R. Woodward and P. Colella},
         TITLE = {The numerical simulation of two-dimensional fluid flow with strong shocks},
         JOURNAL = JCP,
         VOLUME = {54},
         PAGES = {115--174},
         YEAR = {1984}
 }

@ARTICLE{colellaDorrWake:1999b,
        author={P. Colella and M. Dorr and D. Wake},
        title={Numerical solution of plasma-fluid equations using
		locally refined grids},
        journal=JCP,
        year={1999},
    VOLUME={152},
    PAGES={550-583}
}
@PHDTHESIS{propp:phdthesis,
        AUTHOR = {Richard Michael Propp},
        TITLE = {Numerical Modeling of a Trickle-Bed Reactor},
        SCHOOL = UCBME,
        YEAR = 1998,
        MONTH = Dec,
}
@PHDTHESIS{trebotich:phdthesis,
        AUTHOR = {David Paul Trebotich},
        TITLE = {A Projection Method for Incompressible Viscous Flow
    on a Deformable Domain},
        SCHOOL = UCBME,
        YEAR = 1998,
        MONTH = Dec,
}
@PHDTHESIS{martin:phdthesis,
        AUTHOR = {Daniel Francis Martin},
        TITLE = {A Cell-Centered Adaptive Mesh Refinement Method
    for Incompressible Flow Problems},
        SCHOOL = UCBME,
        YEAR = 1998,
        MONTH = Dec
}
@PHDTHESIS{johansen:phdthesis,
        AUTHOR = {Hans Svend Johansen},
        TITLE = {Cartesian Grid Embedded Boundary Methods for Elliptic
    and Parabolic Partial Differential Equations on Irregular
    Domains},
        SCHOOL = UCBME,
        YEAR = 1997,
        MONTH = Dec
}
@PHDTHESIS{bettencourt:phdthesis,
        AUTHOR = {Matthew Tyler Bettencourt},
        TITLE = {A Block-Structured Adaptive Steady--State Solver for
    the Drift--Diffusion Equations},
        SCHOOL = UCBME,
        YEAR = 1998,
        MONTH = May,
}
@PHDTHESIS{dudek:phdthesis,
    AUTHOR = {Scott Andrew Dudek},
    TITLE = {A Structured--Grid Adaptive Mesh Refinement
    Multigrid Algorithm for Steady--State Flows},
    SCHOOL = UCBME,
    YEAR = 1996,
    MONTH = Dec,
 }
@ARTICLE{almgrenButtkeColella:1994,
    AUTHOR = {A. S. Almgren and T. Buttke and P. Colella},
    TITLE = {A fast adaptive vortex method in three dimensions},
    JOURNAL = {J. Comput. Phys.},
    YEAR = {1994},
    VOLUME = {113},
    NUMBER = {2},
    PAGES = {177-200}
}
@ARTICLE{almgrenETAL:1998,
    AUTHOR={A. S. Almgren and J. B. Bell and P. Colella and L. H.
    Howell and M. J. Welcome},
    TITLE ={A conservative adaptive projection method for the
    variable density incompressible {Navier-Stokes} equations},
    JOURNAL= JCP,
    VOLUME={142},
    NUMBER={1},
    MONTH={May},
    YEAR={1998},
    PAGES={1--46}
}

@ARTICLE{crutchfieldwelcome:1993,
    AUTHOR = {W. Y. Crutchfield and M. Welcome},
    TITLE = {Object-oriented implementation of adaptive
    mesh refinement algorithms},
    JOURNAL = {Scientific Programming},
    YEAR = {1993},
    VOLUME = {2},
    NUMBER = {4},
    PAGES = {145-156}
}

@TECHREPORT{crutchfield:1991,
        author={W. Y. Crutchfield},
        title={Load Balancing Irregular Algorithms},
        institution={LLNL},
        number={UCRL-JC-107679},
        month={July},
        year={1991}
}
@TECHREPORT{almgrenbellcrutchfield1999,
        author={A. S. Almgren and J. B. Bell and W. Y. Crutchfield},
        title={Approximate Projection Methods: Part I.
        Inviscid Analysis},
        institution={LBNL},
        number={LBNL-43374},
        month={May},
        year={1999}
}
@ARTICLE{bergerRigoutsos:1991,
    AUTHOR = {M. J. Berger and I. Rigoutsos},
    TITLE = {An algorithm for point clustering and grid generation},
    JOURNAL ={IEEE Transactions Systems, Man, and Cybernetics},
    VOLUME = {21},
    NUMBER = {5},
    PAGES = {1278--1286},
    YEAR = {1991},
}
@inproceedings {fink96:kelp,
   author    = "Stephen J. Fink and Scott B. Baden and Scott R. Kohn",
   title     = "Flexible Communication Schedules for Block Structured
                Applications",
   booktitle = "Third International Workshop on Parallel Algorithms
                for Irregularly Structured Problems",
   address   = "Santa Barbara, California",
   month     = "August",
   year      = 1996
}
@ARTICLE{treb_graves,
author ={David Trebotich and Daniel T. Graves},
title = {An Adaptive Finite Volume Method for the Incompressible Navier-Stokes Equations in Complex Geometries},
journal = {Communications in Applied Mathematics and Compuational Science},
year = 2015,
volume = 10,
number = 1,
pages = "43-82"
}
@ARTICLE{miller_trebotich,
author = {G. H. Miller and D. Trebotich}, 
title  = {An Embedded Boundary Method for the Navier-Stokes Equations on a Time-Dependent Domain},
journal = {Communications in Applied Mathematics and Computational Science}, 
volume = 7,
pages = {1-31}, 
year = 2012, 
}
@ARTICLE{molins_trebotich,
author = {S. Molins and D. Trebotich and C. I. Steefel and C. Shen},
title  =  {An Investigation of the Effect of Pore Scale Flow on Average Geochemical Reaction Rates Using Direct Numerical Simulation}, 
journal = {Water Resour. Res.}, 
volume = {48(3) W03527, DOI:10.1029/2011WR011404}, 
year = 2012, 

}
@ARTICLE{nonaka_trebotich,
author = {A. Nonaka and D. Trebotich and G. H. Miller and D. T. Graves and P. Colella},
title = {A Higher-Order Upwind Method for Viscoelastic Flow}, 
journal = {Comm. App. Math. and Comp. Sci.},
volume =  4,
pages = {57-83}, 
year = 2009,
}
@ARTICLE{kallemov,
author = {B. Kallemov and G. H. Miller and D. Trebotich},
title = {A Higher-Order Accurate Fluid-Particle Algorithm for Polymer Flows}, 
journal = {Molecular Simulation}, 
volume = 37,
pages = {738-745},
year = 2011}

@inproceedings {abcm95:eb,
   author    = "Ann S. Almgren and John B. Bell and Phillip Colella and Tyler Marthaler ",
   title     = "A Cell-Centered Cartesian Grid Projection Method for the 
                Incompressible {E}uler Equations in Complex Geometries",
   booktitle = "Proceedingsof the {AIAA} 12th Computational Fluid Dynamics Conference,",
   address   = "San Diego, California",
   month     = "June",
   year      = 1995
}
@ARTICLE{EBGeometryPaper,
        author={P. Schwartz and J. Percelay and T. Ligocki and H. Johansen and D. T. Graves and D. Devendran and P. Colella and E. Ateljevich},
        title={High Accuracy Embedded Boundary Grid Generation Using the Divergence Theorem},
       journal = {Communications in Applied Mathematics and Computational Science 10-1}, 
       pages = "83--96",
       year = "2015"
}
@inproceedings {kohnETAL:1997,
   author    = {S. Kohn and J. Weare and E. Ong and S. Baden},
   title     = {Software Abstractions and Computational Issues in
   Parallel Structured Adaptive Mesh Methods
   for Electronic Structure Calculations},
   booktitle = {Workshop on stuctured adapitve mesh refinement methods},
  address   = {Minneapolis, Minnesota},
   month     = {March},
   year      = {1997}
}
@ARTICLE{bergerBokhari:1987,
    AUTHOR = {M. J. Berger and S. H. Bokhari},
    TITLE = {A Partitioning Strategy for Nonuniform Problems on
    Multiprocessors},
    JOURNAL = {IEEE Transactions on Computers},
    VOLUME = {C-36},
    NUMBER = {5},
    MONTH = May,
    YEAR = {1987},
    PAGES = {570--580}
}
@ARTICLE{jesseeETAL:1998,
    AUTHOR = {J. P. Jessee and W. A. Fiveland and L. H. Howell and P.
    Colella and R. B. Pember},
    TITLE = {An adaptive mesh refinement algorithm for the radiative
    transport equation},
    JOURNAL= JCP,
    VOLUME={139},
    NUMBER={2},
    MONTH=Jan,
    YEAR={1998},
    PAGES={380--398}
}
@article{bellBergerSaltzmanWelcome:1993,
    author={J. B. Bell and M. J. Berger And J. S. Saltzman and M.  Welcome},
    title={A Three--Dimensional Adaptive Mesh
    Refinement for Hyperbolic Conservation Laws},
    journal=SIAMJSC,
    year={1994},
        volume = 15,
        pages= {127--138}
}
@ARTICLE{bergerColella:1989,
    AUTHOR = {M. J. Berger and P. Colella},
    TITLE = {Local Adaptive Mesh Refinement for Shock Hydrodynamics},
    JOURNAL=JCP,
    YEAR = {1989},
    NUMBER = {1},
    MONTH = {May},
    VOLUME={82},
    PAGES={64--84}
}
@ARTICLE{thompsonFerziger:1989,
    AUTHOR={M. C. Thompson and J. H. Ferziger},
    TITLE ={An adaptive multigrid technique for the incompressible
    {N}avier-{S}tokes equations},
    JOURNAL= JCP,
    VOLUME={82},
    NUMBER={1},
    MONTH={May},
    YEAR={1989},
    PAGES={94--121}
}
@ARTICLE{sandz:1999,
    AUTHOR={Denis Gueyffier and Jie Li and Ali Nadim and Ruben Scardovelli and Stephane Zaleski},
    TITLE ={Volume-of-Fluid Interface Tracking with Smooth Surface Stress Methods for Three Dimensional Flows},
    JOURNAL= JCP,
    VOLUME={152},
    YEAR={1999},
    PAGES={423--456}
}

@Article{TGA,
  author =       {E.H. Twizell and A.B. Gumel and M.A. Arigu},
  title =        {Second-order, $L_0$-stable methods for the heat equation with time-dependent boundary conditions}, 
  journal =      {Advances in Computational Mathmatics},
  year =         {1996},
  OPTkey =       {},
  volume =    {6},
  OPTnumber =    {},
  pages =     {333-352},
  OPTmonth =     {},
  OPTnote =      {},
  OPTannote =    {}
}
@ARTICLE{schwartzETAL:2006,
    AUTHOR = {P. Schwartz and M. Barad and P. Colella and T. Ligocki},
    TITLE = {A {C}artesian Grid Embedded Boundary Method for the Heat Equation and {P}oisson's Equation in Three Dimensions},
    JOURNAL= {Journal of Computational Physics},
    VOLUME={211},
    NUMBER={2},
    MONTH=Jan,
    YEAR={2006},
    PAGES={531-550}
}

@ARTICLE{Coirier1995,author ={W. J. Coirier and K. G. Powell},
title = {An assessment of Cartesian-mesh approaches for the \Euler equations},
journal = {Journal of Computational Physics},
volume= 117,
pages = {121-131},
year = 1995}

@ARTICLE{Quirk1994,
author ={J. J. Quirk},
title = {An alternative to unstructured grids for computing gas dynamics flows around arbitrarily complex two-dimensional bodies},
journal = {Computers and Fluids},
volume= 23,
pages = {125-142},
year = 1994}

@ARTICLE{Berger2003,
author ={M. Berger and C. Helzel and R. LeVeque},
title = {H-box methods for the approximation of hyperbolic conservation laws on irregular grids},
journal = {SIAM Journal of Numerical Analysis},
volume= 41,
pages = {893-918},
year = 2003}

@ARTICLE{mccorquodaleColellaJohansen:2001,
        author={P. McCorquodale and P. Colella and H. Johansen},
        title={A {Cartesian} Grid Embedded Boundary Method for the Heat
    Equation on Irregular Domains}, 
        journal=JCP, 
        year={2001},
    VOLUME = {173},
    NUMBER = {2},
    MONTH = {November},
    PAGES = {620-635}
}
@PhdThesis{pilliod:phdthesis,
  author = {J. E. Pilliod},
  title  = {A Second-Order Unsplit Method for Modeling Flames in Two-Dimensional Compressible Flow},
  type   = {{Ph.} {D.} {Thesis}},
  school = {Department of {M}athematics, University of California, Davis},
  month  = {September},
  year   = {1996}
}
@ARTICLE{millerColella:2002,
        AUTHOR = {G.H. Miller and P. Colella},
        TITLE ={A conservative three-dimensional Eulerian method for coupled solid-fluid shock capturing.},
        JOURNAL = {Journal of Computational Physics},
        YEAR = {2002},
        MONTH = {Nov.},
        VOLUME = {183},
        NUMBER = {1},
        PAGES = {26-82}
}

