@String{ JCP     = "Journal of Computational Physics"}
@String{ JAS     = "Journal of Atmospheric Sciences"}
@String{ APJ     = "Astrophysical Journal"}
@String{ APJL     = "Astrophysical Journal Letters"}
@String{ APJ:sup = "Astrophysical Journal Supplement"}
@String{ AAP     = "Astronomy and Astrophysics"}
@String{ SJSSC   = "SIAM J. Sci. Statist. Comput."}

@BOOK{sagaut,
  title = {{Large eddy simulation for incompressible flows: An introduction}},
  publisher = {Berlin: Springer-Verlag},
  year = {2006},
  author = {Sagaut, P.},
  owner = {asmaier},
}

@Article{schumann:1975,
  author =       {Schumann, U.},
  title =        {Subgrid scale model for finite difference simulations of turbu
lent flows in plane channels and annuli},
  journal =      JCP,
  year =         {1975},
  volume =       {18},
  pages =        {376-404},
}

@ARTICLE{schmidt:2006,
   author = {{Schmidt}, W. and {Niemeyer}, J.~C. and {Hillebrandt}},
    title = "{A localised subgrid scale model for fluid dynamical simulations in astrophysics. I. Theory and numerical tests}",
  journal = AAP,
     year = 2006,
   volume = 450,
    pages = {265-281},
      doi = {10.1051/0004-6361:20053617},
   adsurl = {http://esoads.eso.org/cgi-bin/nph-bib_query?bibcode=2006A%26A...450..265S&db_key=AST},
  adsnote = {Provided by the Smithsonian/NASA Astrophysics Data System}
}

@ARTICLE{maier:2009,
   author = {{Maier}, A. and {Iapichino}, L. and {Schmidt}, W. and {Niemeyer}, J.~C.
	},
    title = "{Adaptively Refined Large Eddy Simulations of a Galaxy Cluster: Turbulence Modeling and the Physics of the Intracluster Medium}",
  journal = APJ,
archivePrefix = "arXiv",
   eprint = {0909.1800},
 keywords = {galaxies: clusters: general, hydrodynamics, methods: numerical, turbulence },
     year = 2009,
   volume = 707,
    pages = {40-54},
      doi = {10.1088/0004-637X/707/1/40},
   adsurl = {http://cdsads.u-strasbg.fr/abs/2009ApJ...707...40M},
  adsnote = {Provided by the SAO/NASA Astrophysics Data System}
}

@ARTICLE{schmidt:2011,
   author = {{Schmidt}, W. and {Federrath}, C.},
    title = "{A fluid-dynamical subgrid scale model for highly compressible astrophysical turbulence}",
  journal = AAP,
archivePrefix = "arXiv",
   eprint = {1010.4492},
 primaryClass = "astro-ph.GA",
 keywords = {hydrodynamics, turbulence, methods: numerical, ISM: kinematics and dynamics, galaxies: evolution},
     year = 2011,
    month = apr,
   volume = 528,
    pages = {A106+},
      doi = {10.1051/0004-6361/201015630},
   adsurl = {http://cdsads.u-strasbg.fr/abs/2011A%26A...528A.106S},
  adsnote = {Provided by the SAO/NASA Astrophysics Data System}
}

