@article{SchmHille06,
	Author = {W. Schmidt and W. Hillebrandt and J. C. Niemeyer},
	Journal = {{Comp. Fluids.}},
	Pages = {353-371},
	Title = {Numerical dissipation and the bottleneck effect in simulations of compressible isotropic turbulence},
	Volume = {35},
	Year = {2006}
}

@book{Schmidt14,
      author={{Schmidt}, W.},
      title="Numerical Modelling of Astrophysical Turbulence",
      series="Springer Briefs in Astronomy",
      publisher="Springer",
      year=2014
}
