@ARTICLE{boxlib,
  author    = {Weiqun Zhang and
               Ann S. Almgren and
               Marcus Day and
               Tan Nguyen and
               John Shalf and
               Didem Unat},
  title     = {BoxLib with Tiling: An {AMR} Software Framework},
  journal   = {SIAM J. Sci. Comput},
  volume    = {38},
  number    = {5},
  pagers    = {S156-S172},
  year      = {2016},
  doi       = {10.1137/15M102616X},
  url       = {http://arxiv.org/abs/1604.03570},
  archivePrefix = {arXiv}
}

@ARTICLE{castro,
   author = {{Almgren}, A.~S. and {Beckner}, V.~E. and {Bell}, J.~B. and
	{Day}, M.~S. and {Howell}, L.~H. and {Joggerst}, C.~C. and {Lijewski}, M.~J. and
	{Nonaka}, A. and {Singer}, M. and {Zingale}, M.},
    title = "{CASTRO: A New Compressible Astrophysical Solver. I. Hydrodynamics and Self-gravity}",
  journal = {Astrophysical Journal},
archivePrefix = "arXiv",
   eprint = {1005.0114},
 primaryClass = "astro-ph.IM",
 keywords = {equation of state, gravitation, hydrodynamics, methods: numerical, nuclear reactions, nucleosynthesis, abundances},
     year = 2010,
    month = jun,
   volume = 715,
    pages = {1221-1238},
      doi = {10.1088/0004-637X/715/2/1221},
   adsurl = {http://adsabs.harvard.edu/abs/2010ApJ...715.1221A},
  adsnote = {Provided by the SAO/NASA Astrophysics Data System}
}

@ARTICLE{maestro,
   author = {{Nonaka}, A. and {Almgren}, A.~S. and {Bell}, J.~B. and {Lijewski}, M.~J. and
	{Malone}, C.~M. and {Zingale}, M.},
    title = "{MAESTRO: An Adaptive Low Mach Number Hydrodynamics Algorithm for Stellar Flows}",
  journal = {Astrophysical Journal Supplement},
archivePrefix = "arXiv",
   eprint = {1005.0112},
 primaryClass = "astro-ph.IM",
 keywords = {convection, hydrodynamics, methods: numerical, nuclear reactions, nucleosynthesis, abundances, supernovae: general, white dwarfs},
     year = 2010,
    month = jun,
   volume = 188,
    pages = {358-383},
      doi = {10.1088/0067-0049/188/2/358},
   adsurl = {http://adsabs.harvard.edu/abs/2010ApJS..188..358N},
  adsnote = {Provided by the SAO/NASA Astrophysics Data System}
}
