@book{grbk1,
      author={{K}ippenhahn, R. and  {W}eigert, A.},
      title="Stellar Structure and Evolution",
      publisher="Springer",
      year="1990"
}

@book{grbk2,
      author={{Zeldovich}, Y.~B. and  {Novikov}, D.},
      title="Relativistic astrophysics. Vol.1: Stars and relativity",
      publisher="University of Chicago Press",
      year=1971
}
